<?xml version="1.0" encoding="UTF-8"?><collection xmlns="http://www.loc.gov/MARC21/slim"><record><leader>00592nam--2200193-u-4500</leader><controlfield tag="001">000056852</controlfield><controlfield tag="002">20200910</controlfield><controlfield tag="005">20200910033948</controlfield><controlfield tag="008">200910s1000------------r-----000-0-rum-d</controlfield><datafield ind1=" " ind2=" " tag="040"><subfield code="a">IFIN-HH</subfield></datafield><datafield ind1="1" ind2=" " tag="041"><subfield code="a">rum</subfield></datafield><datafield ind1="1" ind2=" " tag="100"><subfield code="a">Garlea, Cristina</subfield></datafield><datafield ind1="1" ind2="0" tag="245"><subfield code="a">Reabilitarea zonei fortului Magurele. (Bateria 14-15)</subfield><subfield code="c">Cristina Garlea; Nicolaie Heredea, Ion Garlea, Constantin Kelerman, Vasile Anton</subfield></datafield><datafield ind1=" " ind2=" " tag="260"><subfield code="a">Pitesti</subfield><subfield code="b">Paralela 45</subfield><subfield code="c">2009</subfield></datafield><datafield ind1=" " ind2=" " tag="300"><subfield code="a">303 p</subfield></datafield><datafield ind1=" " ind2=" " tag="500"><subfield code="a">Donatie Acad. Nicolae Victor Zamfir</subfield></datafield><datafield ind1="1" ind2=" " tag="700"><subfield code="a">Anton, Vasile</subfield></datafield><datafield ind1="1" ind2=" " tag="852"><subfield code="a">82792</subfield><subfield code="c">N.V.Z</subfield></datafield><datafield ind1=" " ind2=" " tag="CAT"><subfield code="a">SYS</subfield><subfield code="c">20200910</subfield><subfield code="h">033948</subfield></datafield></record></collection>